
@article{PantheonPlus,
  title={The Pantheon+ Analysis},
  author={Scolnic, D. and others},
  journal={ApJ},
  year={2022}
}
