@article{Example2025,
  title={Example Reference},
  author={Doe, J.},
  journal={Physics Letters A},
  year={2025}
}
