@book{ackerman1990,
    author = {Ackerman, Diane},
    title = {A Natural History of the Senses},
    publisher = {Random House},
    year = {1990}
}

@article{ashtekar2011,
    author = {Ashtekar, Abhay and Singh, Parampreet},
    title = {Loop quantum cosmology: a status report},
    journal = {Classical and Quantum Gravity},
    volume = {28},
    number = {21},
    pages = {213001},
    year = {2011},
    doi = {10.1088/0264-9381/28/21/213001}
}

@article{baker1980,
    author = {Baker, R. R.},
    title = {Goal orientation by blindfolded humans},
    journal = {Nature},
    volume = {287},
    pages = {557--558},
    year = {1980},
    doi = {10.1038/287557a0}
}

@article{Bojowald2001,
    author = {Bojowald, M. },
    title = {Absence of singularity in loop quantum cosmology},
    journal = {Physical Review Letters},
    volume = { 86},
    number = {17},
    pages = {5227},
    year = {2001},
}
@article{Craig, A. D. (2009),
 author = {Craig, A. D. },
title = {How do you feel—now?},
 journal = {Trends in Cognitive Sciences},
 volume = { 13},
number = {3},
 pages = {89–97},
 year = {2009},
}

@article{Farb, N. A., et al. (2013),
author = {Farb, N. A., et al.},
title = {Mindfulness meditation training alters cortical representations of interoceptive attention},
 journal = {Social Cognitive and Affective Neuroscience},
 volume = { 8},
number = {1},
 pages = {15–26},
 year = {2013},
}

@article{Greene, J. D. (2013),
author = {Greene, J. D.},
title = {Moral Tribes},
publisher = {Penguin},
 year = {2013},
}

@article{Hameroff, S., & Penrose, R. (2014),
author = {Hameroff, S., & Penrose, R.},
title = {Consciousness in the universe: A review of the ‘Orch OR’ theory. Physics of Life Reviews},
 journal = {Physics of Life Reviews},
 volume = { 11},
number = {1},
 pages = {39–78},
 year = {2014},
}

@article{Hameroff, S. (2023)
author = {Hameroff, S., & Penrose, R.},
title = {Consciousness in the universe: A review of the ‘Orch OR’ theory. },
 journal = {Physics of Life Reviews},
 volume = { 11},
number = {1},
 pages = {39–78},
 year = {2014},
}

@article{Heidari Nezhad, A. (2025a)
author = {Heidari Nezhad, A.},
title = {UQCMF v1.12.4 Analysis Repor},
 journal = { Internal Memo.},
  year = {2025},
}

@article{Heidari Nezhad, A. (2025b)
author = {Heidari Nezhad, A.},
title = {Optimized MCMC for UQCMF: v1.12.7 Results},
 journal = { Internal Memo.},
  year = {2025},
}

@article{McCraty, R., et al. (2015).
author = {Kahneman, D.},
title = {Fast and Slow},
 journal = Farrar, Straus and Giroux.},
  year = {(2011},
}

@article{Hameroff, S. (2023)
author = {McCraty, R., et al.},
title = {Electrophysiological evidence of intuition},
 journal = {HeartMath Institute Report},
  year = {2023},
}

@article{Radin, D., et al. (2016).
author = {Radin, D., et al.},
title = { Psychophysical interactions with a double-slit interference setup},
 journal = {Physics Essays},
 volume = { 29},
number = {2},
 year = {2016},
}

@article{Riess, A. G., et al.(2022)
author = {Riess, A. G., et al.},
title = {A Comprehensive Measurement of the Local Value of the Hubble Constant},
 journal = {Astrophysical Journal},
 volume = { 934},
number = {1},
 pages = {L7},
 year = {2022},
}

@article{Rizzolatti, G., & Craighero, L. (2004)
author = {Rizzolatti, G., & Craighero, L},
title = {The mirror-neuron system },
 journal = {Annual Review of Neuroscience},
 volume = {27},
 pages = {169–192},
 year = {2004},
}

@article{Scolnic, D., et al. (2022)
author = {Scolnic, D., et al.},
title = {The Pantheon+ Analysis},
 journal = {Astrophysical Journal},
 year = {2022},
}

@article{Shin, L. M., et al. (2006)
author = {Shin, L. M., et al.},
title = {A functional magnetic resonance imaging study of amygdala and medial prefrontal cortex responses},
 journal = {American Journal of Psychiatry},
 volume = {163},
number = {9},
 pages = {1569–1575},
 year = {2006},
}

@article{Sikivie, P. (2009)
author = {Shin, L. M., et al.},
title = {Axion cosmology},
 journal = { Lecture Notes in Physics},
 volume = {741},
 pages = {107–143},
 year = {2009},
}

@article{Wiltschko, W., & Wiltschko, R. (2005)
author = {Wiltschko, W., & Wiltschko, R.},
title = {Magnetic orientation and magnetoreception in birds},
 journal = {Journal of Comparative Physiology A},
 volume = {191},
number = {1},
 pages = {1–14},
 year = {2005},
}

% Add remaining references here...
